<record><leader>00000cas a22000007a 4500</leader><controlfield tag="001">26798616</controlfield><controlfield tag="008">921016d188u1889cauwr ne      0    0eng d</controlfield><datafield ind1=" " ind2=" " tag="010"><subfield code="a">sn 92068415 </subfield></datafield><datafield ind1=" " ind2=" " tag="040"><subfield code="a">CNK</subfield><subfield code="b">eng</subfield><subfield code="c">CNK</subfield><subfield code="d">OCLCQ</subfield></datafield><datafield ind1=" " ind2=" " tag="042"><subfield code="a">msc</subfield></datafield><datafield ind1="0" ind2="0" tag="245"><subfield code="a">Salinas Valley settler.</subfield></datafield><datafield ind1=" " ind2=" " tag="260"><subfield code="a">Kings City [King City] Monterey County, Cal. :</subfield><subfield code="b">Walsh &amp; Beebe</subfield></datafield><datafield ind1=" " ind2=" " tag="300"><subfield code="a">v.</subfield></datafield><datafield ind1=" " ind2=" " tag="310"><subfield code="a">Weekly</subfield></datafield><datafield ind1="0" ind2=" " tag="362"><subfield code="a">-v. 2, no. 27 (Dec. 26, 1889).</subfield></datafield><datafield ind1=" " ind2=" " tag="588"><subfield code="a">Description based on: Vol. 2, no. 1 (June 27, 1889).</subfield></datafield><datafield ind1=" " ind2="4" tag="651"><subfield code="a">Monterey County (Calif.)</subfield><subfield code="v">Newspapers.</subfield></datafield><datafield ind1=" " ind2=" " tag="752"><subfield code="a">United States</subfield><subfield code="b">California</subfield><subfield code="c">Monterey</subfield><subfield code="d">King City.</subfield></datafield><datafield ind1="0" ind2="0" tag="785"><subfield code="t">Kings City settler</subfield><subfield code="w">(DLC)sn 92068416</subfield></datafield><datafield ind1="1" ind2=" " tag="029"><subfield code="a">AU@</subfield><subfield code="b">000020734293</subfield></datafield></record>